
@article{lvovsky2007decomposing,
  title={Decomposing a pulsed optical parametric amplifier into independent squeezers},
  author={Lvovsky, AI and Wasilewski, Wojciech and Banaszek, Konrad},
  journal={Journal of Modern Optics},
  volume={54},
  number={5},
  pages={721--733},
  year={2007},
  publisher={Taylor \& Francis}
}

@article{adesso2014continuous,
  title={Continuous variable quantum information: Gaussian states and beyond},
  author={Adesso, Gerardo and Ragy, Sammy and Lee, Antony R},
  journal={Open Systems \& Information Dynamics},
  volume={21},
  number={01n02},
  pages={1440001},
  year={2014},
  publisher={World Scientific}
}

@article{wasilewski2006pulsed,
  title={Pulsed squeezed light: Simultaneous squeezing of multiple modes},
  author={Wasilewski, Wojciech and Lvovsky, AI and Banaszek, Konrad and Radzewicz, Czes{\l}aw},
  journal={Physical Review A},
  volume={73},
  number={6},
  pages={063819},
  year={2006},
  publisher={APS}
}

