
@article{lvovsky2007decomposing,
  title={Decomposing a pulsed optical parametric amplifier into independent squeezers},
  author={Lvovsky, AI and Wasilewski, Wojciech and Banaszek, Konrad},
  journal={Journal of Modern Optics},
  volume={54},
  number={5},
  pages={721--733},
  year={2007},
  publisher={Taylor \& Francis}
}

