
@book{drummond2014quantum,
  title={The quantum theory of nonlinear optics},
  author={Drummond, Peter D and Hillery, Mark},
  year={2014},
  publisher={Cambridge University Press}
}
